<?xml version="1.0" encoding="UTF-8"?><collection xmlns="http://www.loc.gov/MARC21/slim"><record><leader>00554nam--2200181-u-4500</leader><controlfield tag="001">000053831</controlfield><controlfield tag="002">20161230</controlfield><controlfield tag="005">20161230201051</controlfield><controlfield tag="008">110627s1000------------r-----000-0-fre-d</controlfield><datafield ind1=" " ind2=" " tag="040"><subfield code="a">IFIN-HH</subfield></datafield><datafield ind1=" " ind2=" " tag="041"><subfield code="a">fre</subfield></datafield><datafield ind1=" " ind2=" " tag="080"><subfield code="a">537.611.2:669.018.5(043)</subfield></datafield><datafield ind1="1" ind2=" " tag="100"><subfield code="a">Alba, Michel</subfield></datafield><datafield ind1="1" ind2="0" tag="245"><subfield code="a">RECHERCHE ET ETUDE DE PHASES VERRES DE SPINS DAS LES SPINELLES DE CHROME DILUES: CdCr2xIN(1-x0S4 ET ZnCr2xA12(1-x)S4</subfield><subfield code="b">These</subfield><subfield code="c">Michel alba</subfield></datafield><datafield ind1=" " ind2=" " tag="260"><subfield code="a">Paris-sud</subfield><subfield code="b">Centre D'Orsay</subfield><subfield code="c">1982</subfield></datafield><datafield ind1=" " ind2=" " tag="300"><subfield code="a">234P</subfield></datafield><datafield ind1=" " ind2=" " tag="852"><subfield code="a">71127</subfield><subfield code="c">537:538</subfield></datafield><datafield ind1=" " ind2=" " tag="CAT"><subfield code="a">Sys</subfield><subfield code="c">20110627</subfield><subfield code="h">100418</subfield></datafield></record></collection>